%%
% !TeX program = lualatex
%%

%@book{lendino2019faster,
%  title={Faster Than Light: The Atari ST and the 16-Bit Revolution},
%  author={Lendino, Jamie},
%  year={2019},
%  publisher={Steel Gear Press}
%}

@online{vogt2021History,
  author={Michael {Vogt}},
  title={Die Geschichte von Atari},
  url={https://www.atari-computermuseum.de/history.htm},
  year={2021},
  urldate = {2021-02-14}}

@article{english1967display,
  author={W. K. {English} and D. C. {Engelbart} and M. L. {Berman}},
  journal={IEEE Transactions on Human Factors in Electronics}, 
  title={Display-Selection Techniques for Text Manipulation}, 
  year={1967},
  volume={HFE-8},
  number={1},
  pages={5-15},
  doi={10.1109/THFE.1967.232994}}

@online{rfc6838,
  author={N. {Freed} and J. {Klensin} and T. {Hansen}},
  title={{RFC6838} Media Type Specifications and Registration Procedures},
  url={https://tools.ietf.org/html/rfc6838},
  year={2013}}

@online{bwk1980summer,
  title={Experience with the Mergenthaler Linotron 202Phototypesetter, or, How We Spent Our Summer Vacation},
  url={https://www.cs.princeton.edu/~bwk/202/summer.reconstructed.pdf},
  author={Joe {Condon} and Brian {Kernighan} and Ken {Thompson}},
  year={1980},
  publisher={Bell Labs}}

@online{guerin2014filesystem,
  title = {ATARI Hard Disk File Systems Reference Guide},
  url = {http://joo.kie.sk/wp-content/uploads/2013/05/Atari_HD_File_Sytem_Reference_Guide.pdf},
  urldate = {2021-01-27},
  author={Jean {Louis-Guérin}},
  year={2014}}

@book{ritzhaupt1988signum,
  title = {Das Signum! Buch},
  author={Volker {Ritzhaupt}},
  year={1988},
  isbn={3980183408},
  publisher={Application Systems Heidelberg}}

@online{schmerbeck1998signum,
  author={Franz {Schmerbeck} and Volker {Ritzhaupt} and Oliver {Buchmann}},
  title={Signum!},
  subtitle={Ein System zur Textverarbeitung},
  url={https://ashdownload.com/download/ash/Signum!2-Handbuch.pdf},
  year={1998},
  publisher={Application Systems Heidelberg}}
  
@book{murray1996eggf,
  author={James D. {Murray} and William {Van Ryper}},
  title={Encyclopedia of Graphics File Formats, 2nd Edition},
  url={https://www.fileformat.info/mirror/egff/},
  year={1996},
  publisher="O'Reilly",
  isbn={1565921615}}
  
@incollection{murray1996ccitt,
  author      = {James D. {Murray} and William {Van Ryper}},
  title       = {CCITT (Huffman) Encoding},
  url         = {https://www.fileformat.info/mirror/egff/ch09_05.htm},
  booktitle   = {Encyclopedia of Graphics File Formats, 2nd Edition},
  publisher   = "O'Reilly",
  year        = 1996,
  chapter     = 9.5,
  isbn={1565921615}}
  
@online{rustRefInfluences,
  title={Influences - The Rust Reference},
  url={https://doc.rust-lang.org/reference/influences.html},
  urldate={2021-02-15}}
  
@online{rustNothingNew,
  title={Rust Intro Talk},
  url={http://venge.net/graydon/talks/intro-talk-2.pdf#page=7},
  urldate={2021-02-15}}
  
@online{emuTOSHistory,
  title={EmuTOS – History},
  url={https://emutos.sourceforge.io/history.html},
  urldate={2021-02-15}}
  
@online{ffPCFFormat,
  title={The X11 PCF bitmap font file format},
  url={https://fontforge.org/docs/techref/pcf-format.html},
  urldate={2021-02-15}}
  
@online{tos.hyp,
  title = {The documentation for TOS},
  url = {https://freemint.github.io/tos.hyp/en/index.html},
  organization = {FreeMINT},
  urldate = {2020-11-10},
  author={Rolf {Kotzian} and Contributors},
  year={1998}}
  
@incollection{toshyp:VDIpatterns,
  title={Graphical overview of fill-type and pattern index},
  url={https://freemint.github.io/tos.hyp/en/vdi_attribute.html#Graphical_20overview_20of_20fill-type_20and_20pattern_20index},
  organization = {FreeMINT},
  booktitle={The documentation for TOS}}

@online{tosVDIfontHdr,
  title={\texttt{FONT\_HDR} – VDI structures – The documentation for TOS},
  url={https://freemint.github.io/tos.hyp/en/vdi_structures.html#FONT_HDR},
  urldate={2021-02-15}}
  
@online{ccitt1988t4,
  title={Recommendation T.4: Standardization of Group 3 facsimile terminals for document transmission},
  organization={International Telecommunication Union},
  url={https://www.itu.int/rec/T-REC-T.4},
  urldate={2021-02-15}}
  
@online{ccitt1988t6,
  title={Recommendation T.6: Facsimile coding schemes and coding control functions for Group 4 facsimile apparatus},
  organization={International Telecommunication Union},
  url={https://www.itu.int/rec/T-REC-T.6},
  urldate={2021-02-15}}
  
@online{xchem2001atari,
  title={How to convert ATARI ST documents to MICROSOFT WINDOWS format!},
  author={Wolfgang Schaefer},
  url={http://xchem.de/publication/atari/info_e.html},
  urldate={2021-02-15}}
  
@online{xipho2020sdotool,
  title={The Signum! Toolbox},
  author={Daniel Seiler},
  url={https://xiphoseer.github.io/sdo-tool},
  urldate={2021-02-15}}
  
@online{mzla2021rustfoundation,
  title={Mozilla Welcomes the Rust Foundation},
  author={Daniel Nazer},
  organization={Mozilla},
  url={https://blog.mozilla.org/blog/2021/02/08/mozilla-welcomes-the-rust-foundation/},
  year={2021},
  urldate={2021-02-15}}
  
@online{geal2020nom,
  title={nom, eating data byte by byte},
  author={Geoffroy Couprie},
  url={https://crates.io/crates/nom}}
  
@online{rs2020image,
  title={image, An Image Processing Library},
  author={The image-rs Developers},
  url={https://crates.io/crates/image}}
  
@online{xipho2021signum,
  title={Signum!},
  author={Daniel Seiler},
  url={https://crates.io/crates/signum}}
  
@online{xipho2020pdfc,
  title={pdf-create},
  author={Daniel Seiler},
  url={https://crates.io/crates/pdf-create}}
  
@online{xipho2020ccitt,
  title={ccitt-t4-t6},
  author={Daniel Seiler},
  url={https://crates.io/crates/ccitt-t4-t6}}

@online{xipho2020antikro,
  title={Signum! ANTIKRO to Unicode},
  year={2020},
  author={Daniel Seiler},
  url={https://raw.githubusercontent.com/Xiphoseer/sdo-tool/main/mappings/ANTIKRO.TXT}}
  
@online{unicode2015atarist,
  author={Philippe {Verdy} and Bruno {Haible}},
  year={2015},
  title={AtariST to Unicode},
  url={https://unicode.org/Public/MAPPINGS/VENDORS/MISC/ATARIST.TXT}}

@incollection{stc1988sigrevers,
  author={Veit Brixius},
  year={1988},
  booktitle={ST-Computer 12/1988},
  publisher={Heim Verlag},
  title={Multilinguale Textverarbeitung mit Signum2! und Sigrevers},
  url={https://www.stcarchiv.de/stc1988/12/sigrevers}}
  
@incollection{amigaos:wordiff,
  booktitle={AmigaOS Documentation Wiki},
  title={WORD IFF Document Storage},
  url={https://wiki.amigaos.net/wiki/WORD_IFF_Document_Storage},
  urldate={2021-02-15}}
  
@online{hatari,
  author={Nicolas {Pomarede} and Thomas {Huth} and Eero {Tamminen} and Laurent {Sallafranque} and Contributors},
  title={Hatari},
  url={https://hatari.tuxfamily.org/}}
  
@incollection{archiveteam:stdisc,
  title={ST disk image},
  booktitle={Let's Solve the File Format Problem!},
  url={http://fileformats.archiveteam.org/wiki/ST_disk_image}}

%@online{imrad,
%   title = {IMRAD},
%	url = {https://en.wikipedia.org/wiki/IMRAD},
%	organization = {Wikipedia},
%	urldate = {2018-12-20},
%}

%@online{scrguide,
%	title={KOMA-Script},
%	subtitle={Die Anleitung},
%	author={Kohm, Markus},
%	date={2019-01-14},
%	url={http://mirrors.ctan.org/macros/latex/contrib/koma-script/doc/scrguide.pdf},
%	urldate={2019-02-05}
%	}

%@online{leaflet,
%	title={The document class leaflet},
%	author={Niepraschk, Rolf and Schmidt, Walter and Gäßlein, Hubert},
%	date={2015-12-27},
%	urldate={2020-02-12},
%	url={http://mirrors.ctan.org/macros/latex/contrib/leaflet/leaflet-manual.pdf}
%}